@online{LaTeXML:manual,
   author = {Bruce R. Miller},
   title = {{LaTeXML} The Manual},
   url = {http://dlmf.nist.gov/LaTeXML/manual.pdf},
   urldate = {2015-02-22}}

@online{LaTeXML:get,
   author = {Bruce R. Miller},
   title = {Get {LaTeXML}},
   url = {http://dlmf.nist.gov/LaTeXML/get.html},
   urldate = {2015-02-22}}

@online{mockDoc:git,
   title={{mockDoc}, a minimal {LaTeXML} class binding and {HowTo}},
   urldate = {2015-03-07},
   url = {https://github.com/angerhang/mockDoc}}